@BOOK{Shalev-Shwartz2014-ba,
  title     = "Understanding Machine Learning (From Theory to Algorithms)",
  author    = "Shalev-Shwartz, Shai",
  publisher = "Cambridge University Press",
  edition   =  1,
  month     =  may,
  year      =  2014,
  language  = "en"
}

@ARTICLE{Bousquet2003-oz,
	title     = "Introduction to Statistical Learning Theory",
	author    = "Bousquet, Olivier and Boucheron, St{\'e}phane and Lugosi,
	G{\'a}bor and R{\"a}tsch, Gunnar",
	abstract  = "PDF | The goal of statistical learning theory is to study, in a
	sta- tistical framework, the properties of learning algorithms.
	In particular, most... | Find, read and cite all the research
	you need on ResearchGate",
	publisher = "unknown",
	month     =  jan,
	year      =  2003
}